@inproceedings{zhang2014optimal,
  title={Optimal real-time bidding for display advertising},
  author={Zhang, Weinan and Yuan, Shuai and Wang, Jun},
  booktitle={Proceedings of the 20th ACM SIGKDD international conference on Knowledge discovery and data mining},
  pages={1077--1086},
  year={2014},
  organization={ACM}
}